<record><leader>00000cas a22000007a 4500</leader><controlfield tag="001">16127224</controlfield><controlfield tag="008">870702d19161946iauwr ne      0    0eng d</controlfield><datafield ind1=" " ind2=" " tag="010"><subfield code="a">sn 87057675 </subfield></datafield><datafield ind1=" " ind2=" " tag="040"><subfield code="a">INP</subfield><subfield code="b">eng</subfield><subfield code="c">INP</subfield><subfield code="d">OCLCQ</subfield></datafield><datafield ind1=" " ind2=" " tag="042"><subfield code="a">msc</subfield></datafield><datafield ind1="0" ind2="4" tag="245"><subfield code="a">The Thurman times.</subfield></datafield><datafield ind1="1" ind2="7" tag="246"><subfield code="a">Thurman (Iowa) times</subfield></datafield><datafield ind1=" " ind2=" " tag="260"><subfield code="a">Thurman, Iowa :</subfield><subfield code="b">C.E. Witherow,</subfield><subfield code="c">1916-</subfield></datafield><datafield ind1=" " ind2=" " tag="300"><subfield code="a">v.</subfield></datafield><datafield ind1=" " ind2=" " tag="310"><subfield code="a">Weekly</subfield></datafield><datafield ind1="0" ind2=" " tag="362"><subfield code="a">Vol. 11, no. 29 [(Sept. 21, 1916)]-</subfield></datafield><datafield ind1="1" ind2=" " tag="362"><subfield code="a">Ceased in 1946?</subfield></datafield><datafield ind1=" " ind2=" " tag="500"><subfield code="a">Publisher varies.</subfield></datafield><datafield ind1=" " ind2=" " tag="515"><subfield code="a">Vol. 11, no. 29 (Sept. 21, 1916) misdated Sept. 14, 1916.</subfield></datafield><datafield ind1=" " ind2=" " tag="752"><subfield code="a">United States</subfield><subfield code="b">Iowa</subfield><subfield code="c">Fremont</subfield><subfield code="d">Thurman.</subfield></datafield><datafield ind1="0" ind2="0" tag="780"><subfield code="t">Thurman weekly times</subfield><subfield code="w">(DLC)sn 87057503</subfield></datafield></record>